% Encoding: UTF-8


@Article{Oh,

  author  = {Sungyoung Oh and Jieun Cha and Myungkyu Ji and Hyekyung Kang and Seok Kim and Eunyoung Heo and Jong Soo Han and Hyunggoo Kang and Hoseok Chae and Hee Hwang and Sooyoung Yoo},

  title   = {Architecture Design of Healthcare Software-as-a-Service Platform for Cloud-Based Clinical Decision Support Service},

  journal = {Healthcare Informatics Research},

  year    = {2015},

  volume  = {21},

  number  = {2},

  pages   = {102-110},

  month   = apr,

  url     = {https://doi.org/10.4258/hir.2015.21.2.102},

}



@Conference{Ojala,

  author    = {Arto Ojala and Nina Helander},

  title     = {Value creation and evolution of a value network: A longitudinal case study on a Platform-as-a-Service provider},

  booktitle = {47th Hawaii International Conference on System Science},

  year      = {2014},

  volume    = {47},

  pages     = {975-984},

}



@Article{Casola,

  author    = {Casola, Valentina and De Benedictis, Alessandra and Rak, Massimiliano and Umberto, Villano},

  title     = {Preliminary design of a platform-as-a-service to provide security in cloud},

  journal   = {ResearchGate},

  year      = {2014},

  pages     = {752-757},

  month     = {01},

  booktitle = {CLOSER 2014 - Proceedings of the 4th International Conference on Cloud Computing and Services Science},

  url       = {https://www.researchgate.net/publication/289573602},

}



@Misc{www-msdn,

  title        = {Understanding Microsoft big data solutions},

  howpublished = {Website},

  month        = oct,

  year         = {2017},

  owner        = {Microsoft Developer Network},

  url          = {https://msdn.microsoft.com/en-us/library/dn749804.aspx},

}



@Misc{www-aws,

  title        = {Big Data on AWS},

  howpublished = {Website},

  month        = oct,

  year         = {2017},

  url          = {https://aws.amazon.com/big-data/},

}



@Misc{www-gcp_security,

  title        = {Google Security Whitepaper},

  howpublished = {Website},

  month        = oct,

  year         = {2017},

  timestamp    = {2017-07-21},

  url          = {https://cloud.google.com/security/whitepaper#state-of-the-art_data_centers},

}



@Misc{www-gcp,

  title        = {Big Data Solutions},

  howpublished = {Website},

  month        = oct,

  year         = {2017},

  url          = {https://cloud.google.com/products/big-data/},

}



@Book{Saltzer,

  title     = {Principles of Computer System Design: An Introduction},

  publisher = {Morgan Kaufmann},

  year      = {2009},

  author    = {Jerome H. Saltzer and M. Frans Kaashoek},

  isbn      = {0123749573},

  date      = {2009-06-23},

  doi       = {10.1016/B978-0-12-374957-4.00010-4},

  ean       = {9780123749574},

  pagetotal = {560},

  url       = {http://www.ebook.de/de/product/8322236/jerome_h_saltzer_m_frans_kaashoek_principles_of_computer_system_design_an_introduction.html},

}



@Comment{jabref-meta: databaseType:bibtex;}



